@article{Bryant1984,
  author = {William Bryant},
  title = {Typical Errors in English Made by Japanese ESL Students},
  journal = {JALT Journal},
  year = {1984},
  volume = {6},
  number = {},
  pages = {}
}

@book{Cowan2008,
  author={Ron Cowan},
  title={The Teacherâ€™s Grammar of English},
  year={2008},
  publisher={Cambridge University Press},
  address = {New York}
}

@misc{O'Grady2006,
  author={William O'Grady},
  title={The Problem of Verbal Inflection in Second Language Acquisition},
  year={2006},
  note={University of Hawai'i}
}

