@book{jurafskymartin,
	author       = {Daniel Jurafsky and James H. Martin},
	title        = {Speech and Language Processing},
	date         = {2019}
}
@online{treebank3,
  author = {Marcus, Mitchell P. et al.},
  title = {Treebank-3 LDC99T42},
  organization = {Philadelphia: Linguistic Data Consortium},
  url = {https://catalog.ldc.upenn.edu/LDC99T42},
  urldate = {2020-12-15},
  year = {1999}
}
