@online{Omniglot,
  author = {Omniglot.com},
  title = {Norwegian (norsk)},
  url = {https://omniglot.com/writing/norwegian.htm},
  urldate = {2020-08-12}
}

@online{LearnNorwegian,
  author = {Learn-norwegian.net},
  title = {Norwegian pronunciation},
  url = {http://www.learn-norwegian.net/pronunciation/pronunciation.htm#current},
  urldate = {2020-08-12}
}

@online{TheGermanicLanguages,
  author = {The Germanic Languages},
  title = {Norwegian},
  url = {https://thegermaniclanguages.wordpress.com/2014/07/09/norwegian/},
  urldate = {2020-08-12}
}

@online{RhinoSpike,
  author = {RhinoSpike},
  title = {Minimal Pairs},
  url = {https://rhinospike.com/audio_requests/englishmuffin/29750/},
  urldate = {2020-08-12}
}

@online{Wikipedia,
  author = {Wikipedia},
  title = {Norwegian phonology},
  url = {https://en.wikipedia.org/wiki/Norwegian_phonology},
  urldate = {2020-08-12}
}

@online{TransparentLanguage,
  author = {Bj√∏rn A. Bojesen},
  title = {Norwegian Stress},
  url = {https://blogs.transparent.com/norwegian/norwegian-stress/},
  urldate = {2020-08-12}
}

@online{Norwegian101,
  author = {Norwegian 101},
  title = {1,000 Most Common Norwegian Words},
  url = {https://www.101languages.net/norwegian/most-common-norwegian-words/},
  urldate = {2020-08-12}
}