@article{Saito2006,
  author = {Mamoru Saito},
  title = {Optional A-Scrambling},
  journal = {The 16th Japanese/Korean Linguistics Conference},
  year = {2006},
  volume = {},
  number = {},
  pages = {}
}

@article{Miyagawa2005,
  author = {Shigeru Miyagawa},
  title = {Unifying Agreement and Agreement-less Languages},
  journal = {Proceedings of WAFL2, MIT Working Papers in Linguistics},
  year = {2005},
  volume = {},
  number = {},
  pages = {}
}

@article{SaitoHoji1983,
  author = {Mamoru Saito and Hajime Hoji},
  title = {Weak crossover and move alpha in Japanese},
  journal = {Natural Language & Linguistic Theory},
  year = {1983},
  volume = {1},
  number = {2},
  pages = {245-259}
}

@article{Miyagawa2001,
  author = {Shigeru Miyagawa},
  title = {Some Consequences of the EPP Analysis of Scrambling},
  journal = {Proceedings of the Word Order Workshop, Bosporous University},
  year = {2001},
  volume = {},
  number = {},
  pages = {}
}

@book{Adger2003,
  author = {David Adger},
  title = {Core Syntax: A Minimalist Approach},
  year = {2003},
  publisher = {Oxford University Press, 2003},
  address = {Oxford, United Kingdom}
}

@article{Klima1964,
  author = {Edward Klima},
  title = {Negation in English},
  journal = {The Structure of Language},
  year = {1964},
  volume = {},
  number = {},
  pages = {246-323}
}