@online{lingbuzz,
  author = {Michal Starke},
  title = {LingBuzz},
  url = {https://ling.auf.net/lingbuzz},
  urldate = {2020-12-15}
}
@online{google,
  author = {Google},
  title = {Recommendation Systems},
  url = {https://developers.google.com/machine-learning/recommendation/content-based/basics},
  urldate = {2020-12-15}
}
@online{tfidf,
  author = {tfidf.com},
  title = {Tf-idf :: A Single-Page Tutorial - Information Retrieval and Text Mining},
  url = {http://tfidf.com/},
  urldate = {2020-12-18}
}
@online{tutorial,
  author = {Emma Grimaldi},
  title = {How to build a content-based movie recommender system with Natural Language Processing},
  url = {https://towardsdatascience.com/how-to-build-from-scratch-a-content-based-movie-recommender-with-natural-language-processing-25ad400eb243},
  urldate = {2020-12-18}
}
@online{cosinesimilarity,
  author = {Selva Prabhakaran},
  title = {Cosine Similarity â€“ Understanding the math and how it works},
  url = {https://www.machinelearningplus.com/nlp/cosine-similarity/},
  urldate = {2020-12-18}
}
