@article{Ito&Mester1999,
  author = {Junko Ito and Armin Mester},
  title = {The Phonological Lexicon},
  journal = {A Handbook of Japanese Linguistics},
  year = {1999},
  volume = {},
  number = {},
  pages = {}
}

@article{Rice2006,
  author = {Keren Rice},
  title = {On the patterning of voiced stops in loanwords in Japanese},
  journal = {Toronto Working Papers in Linguistics},
  year = {2006},
  volume = {26},
  number = {},
  pages = {11-22}
}

@article{Kawahara2015,
  author = {Shigeto Kawahara},
  title = {Geminate devoicing in Japanese loanwords: Theoretical and experimental investigations},
  journal = {Language and Linguistics Compass},
  year = {2015},
  volume = {9},
  number = {},
  pages = {}
}

@article{Kubozono2009,
author = {Haruo Kubozono},
title = {Consonant Gemination in Japanese Loanword Phonology},
journal = {Current Issues in Unity and Diversity of Languages, The Linguistic Society of Korea},
year = {2009}, 
volume = {}, 
pages = {953-973}
}

@article{Shinohara1996,
  author = {Shigeko Shinohara},
  title = {The roles of the syllable and mora in Japanese: adaptation of French words},
  journal = {Cahiers de linguistique - Asie orientale},
  year = {1996},
  volume = {25},
  number = {},
  pages = {87-112}
}

@article{PrinceSmolensky1993,
  author = {Alan Prince and Paul Smolensky},
  title = {Optimality Theory: Constraint Interaction in Generative Grammar},
  journal = {Rutgers University Center for Cognitive Science},
  year = {1993},
  volume = {2},
  number = {},
  pages = {}
}

@book{Ito&Mester2003,
  author = {Junko Ito and Armin Mester},
  title = {Japanese Morphophonemics},
  year = {2003},
  publisher = {MIT Press},
  address = {Cambridge, Massachusetts}
}