  author = {Junko Ito and Armin Mester},
  title = {The Phonological Lexicon},
  journal = {A Handbook of Japanese Linguistics},
  year = {1999},
  volume = {},
  number = {},
  pages = {}
}

@article{Kawahara2015,
  author = {Shigeto Kawahara},
  title = {Geminate devoicing in Japanese loanwords: Theoretical and experimental investigations},
  journal = {Language and Linguistics Compass},
  year = {2015},
  volume = {9},
  number = {},
  pages = {}
}

@article{Kubozono2009,
author = {Haruo Kubozono},
title = {Consonant Gemination in Japanese Loanword Phonology},
journal = {The Linguistic Society of Korea},
year = {2009}
}

@article{Shinohara1996,
  author = {Shigeko Shinohara},
  title = {The roles of the syllable and mora in Japanese: adaptation of French words},
  journal = {Cahiers de linguistique - Asie orientale},
  year = {1996},
  volume = {25},
  number = {1},
  pages = {87-112}
}