@article{Ito&Mester1999,
  author = {Junko Ito and Armin Mester},
  title = {The Phonological Lexicon},
  journal = {A Handbook of Japanese Linguistics},
  year = {1999},
  volume = {},
  number = {},
  pages = {}
}

@article{Kawahara2015,
  author = {Shigeto Kawahara},
  title = {Geminate devoicing in Japanese loanwords: Theoretical and experimental investigations},
  journal = {Language and Linguistics Compass},
  year = {2015},
  volume = {9},
  number = {},
  pages = {}
}