@article{hamming,
  author = {Wikipedia},
  title = {Hamming distance},
  journal = {Wikipedia},
  year = {},
  volume = {},
  number = {},
  pages = {},
  url = {https://en.wikipedia.org/wiki/Hamming_distance}
}

@article{leven,
  author = {Wikipedia},
  title = {Levenshtein distance},
  journal = {Wikipedia},
  year = {},
  volume = {},
  number = {},
  pages = {},
  url = {https://en.wikipedia.org/wiki/Levenshtein_distance}
}

@article{stackabuse,
  author = {Frank Hofmann},
  title = {Levenshtein Distance and Text Similarity in Python},
  journal = {},
  year = {},
  volume = {},
  number = {},
  pages = {},
  url = {https://stackabuse.com/levenshtein-distance-and-text-similarity-in-python/}
}


